@string{amerstat = {The American Statistician}}
@string{ams = {The Annals of Mathematical Statistics}}
@string{aos = {The Annals of Statistics}}
@string{biom = {Biometrics}}
@string{bka = {Biometrika}}
@string{jasa = {Journal of the American Statistical Association}}
@string{jmva = {Journal of Multivariate Analysis}}
@string{jrssa = {Journal of the Royal Statistical Society, Series A}}
@string{jrssb = {Journal of the Royal Statistical Society, Series B}}
@string{jspi = {Journal of Statistical Planning and Inference}}
@string{letters = {Statistics and Probability Letters}}
@string{statsci = {Statistical Science}}
@string{tech = {Technometrics}}

@string{wiley = {John Wiley \& Sons, Inc.}}
@string{chapmanhall = {Chapman \& Hall}}

%%%%%%%%%%%%%%%%%%%%%%%

@article{covid_tofa_nejm,
author = {Guimarães, Patrícia O. and Quirk, Daniel and Furtado, Remo H. and Maia, Lilia N. and Saraiva, José F. and Antunes, Murillo O. and Kalil Filho, Roberto and Junior, Vagner M. and Soeiro, Alexandre M. and Tognon, Alexandre P. and Veiga, Viviane C. and Martins, Priscilla A. and Moia, Diogo D.F. and Sampaio, Bruna S. and Assis, Silvia R.L. and Soares, Ronaldo V.P. and Piano, Luciana P.A. and Castilho, Kleber and Momesso, Roberta G.R.A.P. and Monfardini, Frederico and Guimarães, Helio P. and Ponce de Leon, Dario and Dulcine, Majori and Pinheiro, Marcia R.T. and Gunay, Levent M. and Deuring, J. Jasper and Rizzo, Luiz V. and Koncz, Tamas and Berwanger, Otavio},
title = {Tofacitinib in Patients Hospitalized with Covid-19 Pneumonia},
journal = {New England Journal of Medicine},
volume = {385},
number = {5},
pages = {406-415},
year = {2021},
doi = {10.1056/NEJMoa2101643},
    note ={PMID: 34133856},

URL = { 
        https://doi.org/10.1056/NEJMoa2101643
    
},
eprint = { 
        https://doi.org/10.1056/NEJMoa2101643
    
}
}

@article{MiettinenNurminen1985,
author={Miettinen, Olli and Nurminen, Markku},
title={Comparative Analysis of Two Rates},
journal={Statistics in Medicine},
volumne={4},
pages={213-226},
year={1985}
}

@article{finkelstein_schoenfeld_1999,
author = {Finkelstein, Dianne M. and Schoenfeld, David A.},
title = {Combining mortality and longitudinal measures in clinical trials},
journal = {Statistics in Medicine},
volume = {18},
number = {11},
pages = {1341-1354},
doi = {https://doi.org/10.1002/(SICI)1097-0258(19990615)18:11<1341::AID-SIM129>3.0.CO;2-7},
url = {https://onlinelibrary.wiley.com/doi/abs/10.1002/%28SICI%291097-0258%2819990615%2918%3A11%3C1341%3A%3AAID-SIM129%3E3.0.CO%3B2-7},
eprint = {https://onlinelibrary.wiley.com/doi/pdf/10.1002/%28SICI%291097-0258%2819990615%2918%3A11%3C1341%3A%3AAID-SIM129%3E3.0.CO%3B2-7},
abstract = {Abstract Clinical trials often assess therapeutic benefit on the basis of an event such as death or the diagnosis of disease. Usually, there are several additional longitudinal measures of clinical status which are collected to be used in the treatment comparison. This paper proposes a simple non-parametric test which combines a time to event measure and a longitudinal measure so that a substantial treatment difference on either of the measures will reject the null hypothesis. The test is applied on AIDS prophylaxis and paediatric trials. Copyright © 1999 John Wiley \& Sons, Ltd.},
year = {1999}
}


@article{doksum2013,
  title={Asymptotic optimality of Hodges--Lehmann inverse rank likelihood estimators},
  author={Doksum, Kjell},
  journal={Statistical Modelling},
  volume={13},
  number={5-6},
  pages={397--407},
  year={2013},
  publisher={SAGE Publications}
}

@book{de12,
   author = {Devore, J.},
   title = {Probability and statistics for engineering and the sciences},
   publisher = {Brooks/Cole},
   address = {Boston},
   year = {2012},
   edition = {8th}
}

@book{mj84,
   author={Miliken, G.~A. and Johnson, D.~E.},
   title={Analysis of messy data, Volume 1},
   publisher={Van Nostrand Reinhold Company},
   address = {New York},
   year = {1984}
}

@book{bok05,
   author={Bowerman, B.~L. and O'Connell, R.~T. and Koehler, A.~B.},
   title={Forecasting, time series, and regression: An applied approach},
   year={2005},
   publisher={Thomson},
   address={Australia}
}

@book{ha92,
   author={Hamilton, L.~C.},
   title={Regression with graphics},
   publisher={Brooks/Cole},
   address={Pacific Grove, CA},
   year={1992}
}

@book{sw89,
   author={Seber, G.~A.~F. and Wild, C.~J.},
   title={Nonlinear regression},
   publisher={John Wiley \& Sons, Inc.},
   address={New York},
   year={1989}
}

@book{seber84,
   author={Seber, G.~A.~F.},
   title={Multivariate observations},
   publisher={John Wiley \& Sons, Inc.},
   address={New York},
   year={1984}
}


@article{ww67,
   author={Wells, J.~M. and Wells, M.~A.},
   title = {Note on project SCUD},
   journal = {Proceedings 5th Berkeley Symposium},
   volume ={V},
   year = {1967},
   pages = {357--369}
}

@book{agresti96,
   author={Agresti, A.},
   title={An introduction to categorical analysis},
   year={1996},
   publisher={John Wiley \& Sons, Inc.},
   address={New York}
}

@book{bkw80,
     author = {Belsley, D.~A. and Kuh, K. and Welsch, R.~E.},
     year = {1980},
     title = {Regression Diagnostics},
     address = {New York},
     publisher = wiley
}

@manual{az13,
    title = {The {R} \texttt{sn} package : The skew-normal and skew-$t$ distributions (version 1.0-0)},
    author = {A. Azzalini},
    address = {Universit\`a di Padova, Italia},
    year = {2014},
    url = {http://azzalini.stat.unipd.it/SN}
  }

@book{agresti2002,
  title={Categorical data analysis},
  author={Agresti, Alan},
  year={2002},
  publisher=wiley,
   address={New York}
}

@book{breslow1980,
  title={Statistical methods in cancer research. Vol. 1. The analysis of case-control studies.},
  author={Breslow, N.~E. and Day, N.~E. and others},
  year={1980},
  publisher={Distributed for IARC by WHO, Geneva, Switzerland}
}

@book{bj70,
      author = {Box, G.~E.~P. and Jenkins, G.~M. and Reinsel, G.~M.},
      title = {Time series analysis: {F}orecasting and control},
      edition= {Fourth},
      publisher = {John Wiley \& Sons, Inc.},
      year = {2008},
      address = {Hoboken, NJ}
}

@book{chambers,
  title={Software for data analysis: Programming with R},
  author={Chambers, J.~M.},
  year={2008},
  publisher={Springer Verlag},
  address={New York},
}

@book{cr88,
     author = {Carroll, R.~A. and Ruppert, D.},
     year = {1988},
     title = {Transformation and weighting in regression},
     publisher = chapmanhall,
     address = {New York}
}


@book{cd08,
  title={Introduction to statistical methods for clinical trials},
  author={Cook, T.~D. and DeMets, D.~L.},
  year={2008},
  publisher=chapmanhall,
  address = {Boca Raton, FL}
}

@book{cobb1998,
  title={Introduction to design and analysis of experiments},
  author={Cobb, George W},
  year={1998},
  publisher={Springer Verlag},
  address={New York}
}


@book{collett2003,
  title={Modeling survival data in medical research},
  author={Collett, David},
  volume={57},
  year={2003},
  publisher=chapmanhall,
  address={Boca Raton, FL}
}


@book{daniel78,
  title={Applied nonparametric statistics},
  author={Daniel, W.~W.},
  year={1978},
  publisher={Houghton Mifflin Co.},
  address={Boston}
}

@book{davisonhinkley1997,
  title={Bootstrap methods and their application},
  author={Davison, Anthony Christopher and Hinkley, D.V.},
  volume={1},
  year={1997},
  publisher={Cambridge {U}niversity {P}ress},
  address={Cambridge}
}

@book{drapersmith66,
   title={Applied regression analysis},
   author={Draper, N.~L. and Smith, H.},
   year={1966},
   publisher={John Wiley \& Sons, Inc.},
   address={New York}
}

@book{dupont02,
  title={Statistical modeling for biomedical researchers: {A} simple introduction to the analysis of complex data},
  author={Dupont, W.~D.},
  year={2002},
  publisher={Cambridge University Press},
  address={Cambridge}
}

@book{efron1993,
  title={An introduction to the bootstrap},
  author={Efron, Bradley and Tibshirani, Robert},
  volume={57},
  year={1993},
  publisher=chapmanhall,
  address={Boca Raton, FL}
}

@book{gr76,
      author = {Graybill, F.~A.},
      title = {Theory and application of the linear model},
      year = {1976},
      publisher = {Duxbury Press},
      address = {North Scituate, Ma}
}

@book{gi94,
     author = {Graybill, F.~A. and Iyer, H.~K.},
     year = {1994},
     title = {Regression analysis: Concepts and applications},
     publisher = {Duxberry Press},
     address = {Belmont, CA}
}

@book{hs67,
    author={H\'{a}jek,J. and \v{S}id\'{a}k, Z.},
    year={1967},
    title = {Theory of rank tests},
    address = {New York},
    publisher = {Academic Press}
}

@book{higgins,
  title={Introduction to modern nonparametric statistics},
  author={Higgins, J.~J.},
  year={2003},
  publisher={Duxbury Press}
}

@book{hm11,
  author = {Hettmansperger, T.~P. and McKean, J.~W.},
  year = {2011},
  title = {Robust nonparametric statistical methods, 2nd Edition},
  publisher = chapmanhall,
  address = {Boca Raton, FL}
}

@book{hmc,
  title={Introduction to mathematical statistics, 7th Ed.},
  author={Hogg, R.~V. and McKean, J.~W. and Craig, A.~T.},
  publisher={Pearson},
  address={Boston},
	year={2013}
}

@book{huit11,
    author = {Huitema, B.~E.},
    year = {2011},
    title = {The analysis of covariance and alternatives, 2nd ed.},
    publisher = wiley,
    address =  {New York}
}

@book{hw99,
   author={Hollander, M. and Wolfe, D.~A.},
   year={1999},
   title={Nonparametric statistical methods, 2nd Edition}, 
   address={New York},
   publisher={John Wiley \& Sons, Inc.}
}

@book{hocking1985,
  title={The analysis of linear models},
  author={Hocking, Ronald R},
  year={1985},
  publisher={Brooks/Cole Publishing Company Monteray, California}
}


@book{kalbf80,
     author = {Kalbfleisch, J.~D. and Prentice, R.~L.},
     year = {2002},
     title = {The statistical analysis of failure time data},
     edition = {2nd},
     address = {New York},
     publisher = wiley
}


@book{kendallstuart79,
  title={The advanced theory of statistics},
  author={Kendall, M. and Stuart, A.},
  year={1979},
  publisher={Macmillan},
  address={New York}
}

@book{mo83,
   title={Applied linear statistical models},
   author = {Morrison, D.~F.},
   year = {1983},
   publisher = {Prentice Hall},
   address = {Englewood Cliffs, New Jersey}
}

@book{oja2010,
  title={Multivariate nonparametric methods with R},
  author={Oja, Hannu},
  year={2010},
  publisher={Springer},
  address={New York}
}

@book{purisen85,
  title={Nonparametric methods in general linear models},
  author={Puri, M.~L. and Sen, P.~K.},
  year={1985},
  address={New York},
  publisher=wiley
}

@book{rass92,
    author={Rasmussen, S.},
    year={1992},
    title={An introduction to statistics with data analysis},
    publisher={Brooks/Cole Publishing Co.},
    address={Pacific Grove, CA}
}

@book{rousseeuw87,
  title={Robust regression and outlier detection},
  author={Rousseeuw, P.~J. and Leroy, A.~M. and Wiley, J.},
  volume={3},
  year={1987},
  publisher={Wiley Online Library}
}

@book{s09,
     author = {Sheather, S.~J.},
     year = {2009},
     title = {A modern approach to regression with R},
     publisher = {Springer},
     address = {New York}
}


@book{s97,
     author = {Siegel, A.},
     year = {1997},
     title = {Practical business statistics},
     edition = {Third},
     publisher = {Irwin McGraw-Hill},
     address = {Boston}
}


@book{siegel56,
  title={Nonparametric statistics},
  author={Siegel, S.},
  year={1956},
  publisher={McGraw-Hill},
  address={New York}
}

@book{stokes95,
  title={Categorical data analysis using the SAS system},
  author={Stokes, Maura E and Davis, Maura E Stokes Charles S and Koch, Gary G and Davis, Charles S},
  year={1995},
  publisher={SAS institute},
  address={Cary, NC}
}



@book{therneau00,
  title={Modeling survival data},
  author={Therneau, T.~M. and Grambsch, P.~M.},
  year={2000},
  publisher={Springer Verlag},
  address={New York}
}



@book{wahba,
  title={Spline models for observational data},
  author={Wahba, Grace},
  volume={59},
  year={1990},
  publisher={Society for Industrial and Applied Mathematics},
  address={Philadelphia}
}


@book{ggplot2,
    author = {Hadley Wickham},
    title = {ggplot2: elegant graphics for data analysis},
    publisher = {Springer},
    address = {New York},
    year = {2009},
    isbn = {978-0-387-98140-6},
    url = {http://had.co.nz/ggplot2/book}
  }

@book{wi12,
     author = {Wilcox, R.},
     year = {2012},
     title = {Introduction to robust estimation and hypotheses testing},
     edition = {Third},
     publisher = {Elsevier},
     address = {Amsterdam}
}


%%%%%%%%%%%%%%%%%%
%%%%% papers %%%%%
%%%%%%%%%%%%%%%%%%

@article{m13,
      author = {Abebe, A. and McKean, J.~W.},
      title = {Weighted Wilcoxon estimators in nonlinear regression},
      journal = {Australian \& New Zealand Journal of Statistics},
      year = {2013},
      volume = {55},
      note = {401-420}
}

@article{adichie78,
  title={Rank tests of sub-hypotheses in the general linear regression},
  author={Adichie, J.~N.},
  journal={The Annals of Statistics},
  pages={1012--1026},
  year={1978},
  volume={6},
  publisher={JSTOR}
}

@article{az85,
     author = {Azzalini, A.},
     year = {1985},
     title = {A class of distributions which includes the normal ones},
     journal = {Scandinavian Journal of Statistics},
     volume = {12},
     pages = {171--178}
}


@article{brunner94,
  title={Rank statistics under dependent observations and applications to factorial designs},
  author={Brunner, E. and Denker, M.},
  journal={Journal of statistical planning and inference},
  volume={42},
  number={3},
  pages={353--378},
  year={1994},
  publisher={Elsevier}
}

@article{cox72,
  title={Regression models and life-tables},
  author={Cox, David R},
  journal={Journal of the Royal Statistical Society. Series B (Methodological)},
  pages={187--220},
  year={1972},
}


@article{chang99,
  title={High-breakdown rank regression},
  author={Chang, W.~H. and McKean, J.~W. and Naranjo, J.~D. and Sheather, S.~J.},
  journal={Journal of the American Statistical Association},
  pages={205--219},
  year={1999},
  publisher={JSTOR}
}

@article{chiangpuri84,
  title={Rank procedures for testing subhypotheses in linear regression},
  author={Chiang, C.~Y. and Puri, M.~L.},
  journal={Annals of the Institute of Statistical Mathematics},
  volume={36},
  number={1},
  pages={35--50},
  year={1984},
  publisher={Springer}
}

@article{cmv12,
    year={2012},
    author={Crimin, K. and  McKean, J.~W. and Vidmar, T.~J.},
    title={Rank-based estimate of 4-parameter logistic model}, 
    journal={Pharmaceutical Statistics}, 
    pages={214--221}
}

@article{mvs89,
     year = {1989},
     author = {McKean, J.~W. and Vidmar, T.~J. and Sievers, G.L.},
     title = {A robust two-stage multiple comparison procedure with
           application to a random drug screen},
     journal = {Biometrics},
     volume = {45},
     pages = {1281-1297}
}

@article{cjj81,
     author = {Conover, W.~J. and  Johnson, M.~E. and Johnson, M.~M.},
     title = {A comparative study of tests for homogeneity of variances, with applications to the outer continental shelf bidding data},
     journal = tech,
     volume = {23},
     year = {1983},
     pages = {351--361}
}


@article{cr82,
     author = {Carroll, R.~A. and Ruppert, D.},
     year = {1982},
     title = {Robust estimation in heteroscedastic linear models},
     volume = {10},
     journal = aos,
     pages = {424--441}
}

@article{dm96,
     author = {Dixon, S.~L. and McKean, J.~W.},
     year = {1996},
     title = {Rank based analysis of the heteroscedastic linear model},
     journal = jasa,
     volume = {91},
     pages = {699--712}
}

@article{du04,
     author = {Dubnicka, S.~R.},
     year = {2004},
     title = {A rank-based estimation procedure for linear models with clustered data},
     journal = {Journal of Modern Applied Statistics},
     volume = {3},
     pages = {39--48}
}


@article{fk76,
    author = {Fligner, M.~A. and Killeen, T.~J.},
    year = {1976},
    title = {Distribution-free two-sample test for scale},
    journal = {Journal of the American Statistical Association},
    volume = {71},
    pages = {210--213}
}

@article{fp81,
    author = {Fligner, M.~A. and Policello, G.~E.},
    year = {1981},
    title = {Robust rank procedures for the Behrens--Fisher problem},
    journal = {Journal of the American Statistical Association},
    volume = {76},
    pages = {162--168}
}

@article{kw52,
   author = {Kruskal, W.H. and Wallis, W.A.},
   year = {1952},
   title = {Use of ranks in one-criterion variance analysis},
   journal = jasa,
   volume = {47},
   pages = {583--621}
}

@article{friedman1937,
  title={The use of ranks to avoid the assumption of normality implicit in the analysis of variance},
  author={Friedman, Milton},
  journal={Journal of the American Statistical Association},
  volume={32},
  number={200},
  pages={675--701},
  year={1937},
  publisher={Taylor \& Francis Group}
}

@article{greenwood1926,
  title={The errors of sampling of the survivorship tables},
  author={Greenwood, M.},
  journal={Reports on Public Health and Statistical Subjects},
  volume={33},
  number={1},
  pages={26},
  year={1926}
}

@article{gr88,
     author = {Groggel, D.~J. and Eackerly, D. and Rao, P.},
     year = {1988},
     title = {Nonparametric estimation in one-way random effects models},
     journal = {Communications in Statistics: Simulation and Computation},
     volume = {17},
     pages = {887--903}
}

@article{hbk84,
     author = {Hawkins, D.~M. and  Bradu, D. and Kass, G.~V.},
     year = {1984},
     title = {Location of several outliers in multiple regression data using elemental sets},
     journal = tech,
     volume = {26},
     pages = {197--208}
}

@article{hl62,
  title={Rank methods for combination of independent experiments in analysis of variance},
  author={Hodges, J.~L. and Lehmann, E.~L.},
  journal={The Annals of Mathematical Statistics},
  volume={33},
  number={2},
  pages={482--497},
  year={1962},
  publisher={Institute of Mathematical Statistics}
}

@article{hl63,
  author = {Hodges, J.~L. and Lehmann, E.~L.},
  year = {1963},
  title = {Estimation of location based on rank tests},
  journal = ams,
  volume = {34},
  pages = {598--611}
}

@article{hogg75,
  title={A two-sample adaptive distribution-free test},
  author={Hogg, R.~V. and Fisher, D.~M. and Randles, R.~H.},
  journal={Journal of the American Statistical Association},
  pages={656--661},
  year={1975}
}

@article{hm73,
   author={Hettmansperger, T.~P. and McKean, J.~W.},
   year={1973},
   title={On testing for significant change in CxC tables},
   journal={Communications in Statistics},
   volume={2}, 
   pages={551--560}
}

@article{jaeckel72,
  author = {Jaeckel, L.~A.},
  year = {1972},
  title = {Estimating regression coefficients by minimizing the dispersion of residuals},
  journal = ams,
  volume = {43},
  pages = {1449--1458}
}

@article{jin2003,
  title={Rank-based inference for the accelerated failure time model},
  author={Jin, Zhezhen and Lin, DY and Wei, LJ and Ying, Zhiliang},
  journal={Biometrika},
  volume={90},
  number={2},
  pages={341--353},
  year={2003},
  publisher={Biometrika Trust}
}

@article{johnsonpeng2008,
  title={Rank-based variable selection},
  author={Johnson, Brent A and Peng, Limin},
  journal={Journal of Nonparametric Statistics},
  volume={20},
  number={3},
  pages={241--252},
  year={2008},
  publisher={Taylor \& Francis}
}

@article{jureakova71,
  author = {Jure\v{c}kov\'{a}, J.},
  year = {1971},
  title = {Nonparametric estimate of regression coefficients},
  journal = ams,
  volume = {42},
  pages = {1328--1338}
}

@inproceedings{km89,
   author = {Kapenga, J.~A. and McKean, J.~W.},
   year = {1989},
   title = {Spline estimation of the optimal score function for linear models},
   booktitle = {American Statistical Association: Proceedings of the Statistical
               Computing Section},
   pages = {227--232}
}

@article{km58,
  title={Nonparametric estimation from incomplete observations},
  author={Kaplan, E.~L. and Meier, P.},
  journal={Journal of the American Statistical Association},
  volume={53},
  number={282},
  pages={457--481},
  year={1958},
  publisher={Taylor \& Francis}
}

@article{mcksie89,
   title = {Rank scores suitable for analysis of linear models under
           asymmetric error distributions},
   journal = tech,
   author = {McKean, J.~W. and Sievers, G.~L.},
   volume = {31},
   year = {1989},
   pages = {207--218}
}

@article{koul87,
  author = {Koul, H.~L. and Sievers, G.~L. and McKean, J.~W.},
  year = {1987},
  title = {An estimator of the scale parameter for the rank analysis of linear models
           under general score functions},
  journal = {Scandinavian Journal of Statistics},
  volume = {14},
  pages = {131--141}
}

@article{ks93,
      author = {Koul, H.~L. and Saleh, A.~K.~M.~E.},
      title = {R-estimation of the parameters of autoregressive $[AR(p)]$ models},
      year = {1993},
      volume = {21},
      pages = {534--551},
      journal = aos
}


@article{kloke09,
  author = {Kloke, J.~D. and McKean, J.~W. and Rashid, M.},
  year = {2009},
  title = {Rank-based estimation and associated inferences for linear models with
           cluster correlated errors},
  journal = jasa,
  volume = {104},
  pages = {384--390}
}

@article{kloke13varphi,
	author = {Kloke, J.~D.},
	year = {2013},
	title = {A comparison of estimates of standard error for R proceedures in cluster correlated data}
}

@article{lz86,
        author = {Liang, K.~Y. and Zeger, S.~L.},
        year = {1986},
        title = {Longitudinal data analysis using generalized linear models},
        journal = {Biometrika},
        volume = {73},
        pages = {13--22}
}

@article{mhn01,
    author = {McKean, J.~W. and Huitema, B.~E. and Naranjo, J.~D.},
    year = {2001},
    title = {A robust method for the analysis of experiments with ordered treatment levels},
    journal = {Psychological Reports},
    volume = {89},
    pages = {267--273}
}

@article{mns96a,
     author = {McKean, J.~W. and Naranjo, J.~D. and Sheather, S.~J.},
     year = {1996a},
     title = {Diagnostics to detect differences in robust fits of linear models},
     journal = {Computational Statistics},
     volume = {11},
     pages= {223--243}
}

@article{mns96b,
     author = {McKean, J.~W. and Naranjo, J.~D. and Sheather, S.~J.},
     year = {1996b},
     title = {An efficient and high breakdown procedure for model criticism},
     journal = {Communications in Statistics, Part A-Theory and Methods},
     volume = {25},
     pages= {2275--2595}
}


@article{mns99,
     author = {McKean, J.~W. and Naranjo, J.~D. and Sheather, S.~J.},
     year = {1999},
     title = {Diagnostics for comparing robust and least squares fits},
     journal = {Journal of Nonparametric Statistics},
     volume = {11},
     pages= {161--188}
}

@article{mckean80,
  author = {McKean, J.~W. and Schrader, R.},
  year = {1980},
  title = {The geometry of robust procedures in linear models},
  journal = {Journal of the Royal Statistical Society, Series B, Methodological},
  volume = {42},
  pages = {366--371}
}


@article{mk14,
  author={McKean, J.~W. and Kloke, J.~D.},
  title={Efficent and adaptive rank-based fits for linear models with skew-normal errors},
  journal={Journal of Statistical Distributions and Applications},
  year={2014},
  note={In press}
}

@article{ms09,
     author = {McKean, J.~W. and Sheather, S.~J.},
     year = {2009},
     title = {Diagnostic procedures},
     journal = {Wiley Interdisciplinary Reviews: Computational Statistics},
     volume = {1(2)},
     pages= {221--233}
}


@article{msh94,
   author ={McKean, J.~W. and Sheather, S.~J. and Hettmansperger, T.~P.},
   year = {1994},
   title = {Robust and high breakdown fits of polynomial models},
   journal = {Technometrics},
   volume = {36},
   pages = {409--415}
}

@article{nm97,
    year = {1997},
    author = {Naranjo, J.~D. and McKean, J.~W.},
    title = {Rank regression with estimated scores},
    journal = {Statistics and Probability Letters},
    volume = {33},
    pages = {209--216}
}

@article{pengfine2006,
  title={Rank estimation of accelerated lifetime models with dependent censoring},
  author={Peng, Limin and Fine, Jason P},
  journal={Journal of the American Statistical Association},
  volume={101},
  number={475},
  year={2006}
}

@article{rmk12,
  author = {Rashid, M.~M. and McKean, J.~W. and Kloke, J.~D.},
  year = {2012},
  title = {{R} estimates and associated inferences for mixed models with covariates in a multicenter clincal trial},
  journal = {Statistics in Biopharmaceutical Research},
  volume = {4},
  pages = {37-49}
}

@article{rv90,
   author = {Rousseeuw, P.~J. and   van Zomeren, B.~C.},
   year = {1990},
   title = {Unmasking multivariate outliers and leverage points},
   journal = jasa,
   volume = {85},
   pages = {633--648}
}

@article{rv99,
   author = {Rousseeuw, P. and Van Driessen, K.},
   year = {1999},
   title = {A fast algorithm for the minimum covariance determinant estimator},
   journal = tech,
   volume = {41},
   pages = {212--223}
}


@article{sievers83,
  title={A weighted dispersion function for estimation in linear models},
  author={Sievers, G.~L.},
  journal={Communications in Statistics-Theory and Methods},
  volume={12},
  number={10},
  pages={1161--1179},
  year={1983},
  publisher={Taylor \& Francis}
}


@article{terpstra05,
  title={Rank-based analyses of linear models using R},
  author={Terpstra, J~.F. and McKean, J.~W.},
  journal={Journal of Statistical Software},
  volume={14},
  number={7},
  pages={1--26},
  year={2005}
}

@article{tmn00,
      author = {Terpstra, J. and McKean, J.~W. and Naranjo, J.~D.},
      title = {Highly efficient weighted Wilcoxon estimates for autoregression},
      year = {2000},
      journal = {Statistics},
      volume = {35},
      pages = {45--80}
}

@article{tmn01,
      author = {Terpstra, J. and McKean, J.~W. and Naranjo, J.~D.},
      title = {GR-Estimates for an autoregressive time series},
      year = {2001},
      journal = {Statistics and Probability Letters},
      volume = {51},
      pages = {165--172--80}
}

@article{tma03,
      author = {Terpstra, J. and McKean, J.~W. and Anderson, K.},
      title = {Studentized autoregressive time series residuals},
      year = {2003},
      journal = {Computational Statistics},
      volume = {18},
      pages = {123--141}
}

@article{theil50,
  author = {Theil, H.},
  year = {1950},
  title = {A rank-invariant method of linear and polynomial regression analysis, III},
  journal = {Proc. Kon. Ned. Akad. v. Wetensch},
  volume = {53},
  pages = {1397-1412}
}

@article{th73,
    title = {A class of non-parametric tests for homogeneity against ordered alternatives},
    author = {Tryon, P.~V. and Hettmansperger, T.~P.},
    year = {1973},
    journal = aos,
    volume = {1},
    pages = {1061--1070}
}


@article{wilcoxon45,
  author = {Wilcoxon, F.},
  year = {1945},
  title = {Individual comparisons by ranking methods},
  journal = {Biometrics},
  volume = {1},
  pages = {80-83}
}

@article{plyr,
    title = {The split-apply-combine strategy for data analysis},
    author = {Hadley Wickham},
    journal = {Journal of Statistical Software},
    year = {2011},
    volume = {40},
    number = {1},
    pages = {1--29},
    url = {http://www.jstatsoft.org/v40/i01/},
}


%%%%%%%%%%%%%%%%%
%%%%% other %%%%%
%%%%%%%%%%%%%%%%%

@unpublished{amb12,
    year={2012},
    author={Abebe, A. and McKean, J.~W. and Bindele, H.},
    title={On the consistency of a class of nonlinear regression estimators},
    note={In press}
}

@article{acmv,
    author = {Abebe, A. and Crimin, K. and McKean, J. W. and Vidmar, T. J. and Haas, J. V.},
    title = {Rank-Based procedures for linear models: Applications to pharmaceutical
science data},
    journal = {Drug Information Journal},
    volume = {35},
    year = {2001},
    pages = {947--971}
}


@manual{R,
    title = {R: A language and environment for statistical computing},
    author = {{R Development Core Team}},
    organization = {R Foundation for Statistical Computing},
    address = {Vienna, Austria},
    year = {2010},
    note = {{ISBN} 3-900051-07-0},
    url = {http://www.R-project.org},
}

@incollection{am07,
   author={Abebe, A. and McKean, J.~W.},
   year={2007},
   title={Highly efficient nonlinear regression based on the {W}ilcoxon norm},
   booktitle={Festschrift in Honor of {M}ir {M}asoom {A}li on the Occasion of his Retirement},
   editor={Umbach, D.},
   publisher={Ball {S}tate  {U}niversity},
   pages={340--357}
}


@article{Rfit,
  title={Rfit: Rank-based estimation for linear models},
  author={Kloke, John D and McKean, Joseph W},
  journal={The R Journal},
  volume={4},
  number={2},
  pages={57--64},
  year={2012}
}



@unpublished{am13,
    year={2012},
    author={Abebe, A. and McKean, J.~W.},
    title={Weighted {W}ilcoxon Estimators in Nonlinear Regression},
    note={Submitted}
}


@incollection{kloke11,
	author = {Kloke, J.~D. and McKean, J.~W.}, 
	year = {2011},
	title = {Rank-based estimation for {Arnold} transformed data},
	booktitle = {Nonparametric Statistics and Mixture Models: A Festschrift in Honor of Thomas P. Hettmansperger},
	editor = {Hunter, D.~R. and  Richards, D.~P. and Rosenberger, J.~L.},
	publisher = {Word Press},
        pages={183--203}
}

@inproceedings{km13,
	author = {Kloke, J.~D. and McKean, J.~W.}, 
	year = {2013},
	title = {Small sample properties of JR estimators},
	publisher = {American Statistical Association},
	booktitle = {JSM Proceedings},
	address = {Alexandria, VA}
}


@inproceedings{Sweave,
  author = {Friedrich Leisch},
  title = {Sweave: Dynamic generation of statistical reports using
		  literate data analysis},
  booktitle = {Compstat 2002 --- Proceedings in Computational
		  Statistics},
  pages = {575--580},
  year = 2002,
  editor = {Wolfgang H{\"a}rdle and Bernd R{\"o}nz},
  publisher = {Physica Verlag, Heidelberg},
  note = {ISBN 3-7908-1517-9},
  url = {http://www.stat.uni-muenchen.de/~leisch/Sweave}
}



@unpublished{klokecook13,
	author = {Kloke, J. and Cook, T.},
	year = {2014},
	title = {Nonparametric, covariate-adjusted hypothesis tests using R estimation for clinical trials},
	note = {In preparation}
}

@unpublished{bigRfitpaper,
	author = {Kapenga, J. and Kloke, J. and McKean, J.},
	year = {2020},
	title = {Big Data Algorithms for Rank-Based Fitting and Analyses},
	note = {In preparation}
}


@unpublished{gee,
	author = {Abebe, A. and McKean, J.~W. and Kloke, J.~D.},
	year = {2014},
	title = {Iterated reweighted rank-based estimates for {GEE} models},
  note = {In preparation}
}
	

@inbook{fox2002bootstrap,
  author = {Fox, J. and Weisberg, S.},
  year = {2011},
  chapter = {Bootstrapping Regression Models},
  title = {An R and S-PLUS Companion to Applied Regression, 2nd Edition},
  url = {http://cran.r-project.org/doc/contrib/Fox-Companion/appendix-bootstrapping.pdf},
  publisher = {SAGE},
  address = {Thousand Oaks, CA}
}

@inbook{fox2002nonpar,
  author = {Fox, J.},
  year = {2002},
  title = {Nonparametric Regression: Appendix to An R and S-PLUS Companion to Applied Regression},
  url = {http://cran.r-project.org/doc/contrib/Fox-Companion/appendix-nonparametric-regression.pdf}
}

@manual{rfiturl,
    title = {Rfit: Rank Estimation for Linear Models},
    author = {Kloke, J.~D. and McKean, J.~W.},
    year = {2010},
    note = {{R} package version 0.09},
	url = {http://cran.r-project.org/web/packages/Rfit}
}

@manual{boot,
  title = {boot: Bootstrap R (S-Plus) Functions},
  author = {Angelo Canty and Brian Ripley},
  year = {2013},
  note = {{R} package version 1.3-9},
  url = {http://cran.r-project.org/web/packages/boot}
}

@manual{quantreg,
    title = {quantreg: Quantile Regression},
    author = {Roger Koenker},
    year = {2013},
    note = {{R} package version 5.05},
    url = {http://CRAN.R-project.org/package=quantreg},
}

@techreport{heavenrich91,
  title={Light-duty automotive technology and fuel-economy trends through 1991. Technical report},
  author={Heavenrich, R.~M. and Murrell, J.~D. and Hellman, K.~H.},
  year={1991},
  institution={Environmental Protection Agency, Ann Arbor, MI (United States)}
}

@incollection{ms91,
   author={McKean, J.W. and Sheather, S.J.},
   year={1991},
   title={Small sample properties of robust analyses of linear models based
           on R-estimates: A survey},
   booktitle={Directions in Robust Statistics and Diagnostics, Part II},
   editor={Stahel, W. and Weisberg, S.},
   publisher={Springer Verlag},
   address = {New  York},
   pages={1--19}
}


@manual{hsaur2,
    title = {HSAUR2: A Handbook of Statistical Analyses Using R (2nd Edition)},
    author = {Brian S. Everitt and Torsten Hothorn},
    year = {2014},
    note = {{R} package version 1.1-9},
    url = {http://CRAN.R-project.org/package=HSAUR2},
}

  @manual{sm,
    title = {{R} package \texttt{sm}: {N}onparametric smoothing methods (version 2.2-5.4)},
    author = {A. W. Bowman and A. Azzalini},
    address = {University of Glasgow, UK and Universit\`a di Padova, Italia},
    year = {2014},
    url = {URL http://www.stats.gla.ac.uk/~adrian/sm, http://azzalini.stat.unipd.it/Book_sm},
  }


@manual{survival,
    title = {A Package for Survival Analysis in S},
    author = {Terry Therneau},
    year = {2013},
    note = {{R} package version 2.37-4},
}

  @Manual{truncnorm,
    title = {truncnorm: Truncated normal distribution},
    author = { Heike Trautmann and Detlef Steuer and Olaf Mersmann and Björn Bornkamp},
    year = {2014},
    note = {{R} package version 1.0-7},
    url = {http://CRAN.R-project.org/package=truncnorm},
  }


@unpublished{ok11,
    year={2011},
    author={Okyere, G.},
    title={Robust adaptive schemes for linear mixed models},
    note={PhD thesis, Western Michigan University, Department of Statistics},
}

@unpublished{gr83,
     author = {Groggel, D.~J.},
     year = {1983},
     title = {Asymptotic nonparametric confidence intervals for the ratio of scale parameters in balanced one-way random effects models},
     note = {PhD thesis, University of Florida, Department of Statistics}
}

@phdthesis{gr83phd,
     author = {Groggel, D.~J.},
     year = {1983},
     title = {Asymptotic nonparametric confidence intervals for the ratio of scale parameters in balanced one-way random effects models},
     school = {University of Florida},
     address = {Department of Statistics}
}

@unpublished{bi12,
     author = {Bilgic, Y.},
     year = {2012},
     title = {Rank-based estimation and predicition for mixed effects models in nested designs},
     note = {PhD thesis, Western Michigan University, Department of Statistics}
}

@phdthesis{bi12phd,
     author = {Bilgic, Y.},
     title = {Rank-based estimation and predicition for mixed effects models in nested designs},
     school = {Western Michigan University},
     year = {2012},
     address = {Department of Statistics}
}

@unpublished{kw10,
     author = {Watcharotone, Kuanwong},
     title = {On Robustification of Some Procedures Used in Analysis of Covariance},
     year = {2010},
     note = {PhD thesis, Western Michigan University, Department of Statistics}
}

@unpublished{ali03,
     author = {Shomrani, A.},
     title = {A Comparison of Different Schemes for Selecting and Estimating Score Functions Based on Residuals},
     year = {2003},
     note = {PhD thesis, Western Michigan University, Department of Statistics}
}

@unpublished{klokeuseR2010,
	author = {Kloke, J. and McKean, J and Kimes, P and Parker, H},
	title = {Adaptive nonparametric statistics with applications to gene expression data},
	year = {2010},
	organization = {useR! 2010},
	note = {{h}ttp://www.biostat.wisc.edu/\~{}kloke/useR2010.pdf},
	type = {Conference Presentation}
}

@book{fa06,
   author={Faraway, J.J.},
   title={Extending the linear model with R},
   publisher=chapmanhall,
   address={Boca Raton, FL},
   year={2006}
}

@book{wo06,
   author={Wood, S.N.},
   title={Generalized additive models: An introduction with R},
   publisher=chapmanhall,
   address={Boca Raton, FL},
   year={2006}
}

@book{ba97,
   author={Bowman, A.W. and Azzalini, A.},
   title={Applied smoothing techniques for data analysis: The kernel approach with S-Plus illustrations},
   publisher={Oxford University Press},
   address={Oxford},
   year={1997}
}

@incollection{cg92,
   author={Cleveland, W.S. and Grosse, E. and Shyu, W.M.},
   year={1992},
   title={Local regression models},
   booktitle={Statistical Models in S},
   editor={Chambers, J.M. and Hastie, T.J.},
   publisher={Wadsworth \& Brooks/Cole},
   pages={309--376}
}

@misc{uci,
  author = {Dua, Dheeru and Graff, Casey},
  year = {2017},
  title = {{UCI} Machine Learning Repository},
  url = {http://archive.ics.uci.edu/ml},
  institution = {University of California, Irvine, School of Information and Computer Sciences}
} 

@article{wine_quality,
  author={P. Cortez and A. Cerdeira and F. Almeida and T. Matos and J. Reis.},
  title={Modeling wine preferences by data mining from physicochemical properties},
  journal={Decision Support Systems},
  publisher={Elsevier},
  volume={47},
  number={4},
  pages={547--553}, 
  year={2009}
}

@book{venables,
    title = {Modern Applied Statistics with S},
    author = {W. N. Venables and B. D. Ripley},
    publisher = {Springer},
    edition = {Fourth},
    address = {New York},
    year = {2002},
    note = {ISBN 0-387-95457-0},
    url = {http://www.stats.ox.ac.uk/pub/MASS4}
}

@book{boehmke_greenwell,
  title={Hands-On Machine Learning with R},
  author={Boehmke, Bradley and Greenwell, Brandon},
  publisher={CRC Press},
  address={Boca Raton, FL},
  year={2020},
  url={https://bradleyboehmke.github.io/HOML/}
}
  

@book{kuhn_johnson,
  title={Applied Predictive Modeling},
  author={Kuhn, Max and Johnson, Kjell},
  publisher={Springer},
  address={New York},
  year={2013},
  url={http://appliedpredictivemodeling.com/}
}

@book{islr,
  title={An Introduction to Statistical Learning with Applications in R},
  author={James, Gareth and Witten, Daniela and Hastie, Trevor and Tibshirani, Robert},
  publisher={Springer},
  address={New York},
  year={2013},
  url={http://faculty.marshall.usc.edu/gareth-james/ISL/}
}

@book{esl,
  title={The Elements of Statistical Learning: Data Mining, Inference, and Prediction,  Second Edition},
  author={Hastie, Trevor and Tibshiani, Robert and Friedman, Jerome},
  publisher={Springer},
  address={New York},
  year={2017},
  url={https://web.stanford.edu/~hastie/ElemStatLearn/}
}


@book{sparklyrbook,
  author={Luraschi, Javier and  Kuo, Kevin and  Ruiz, Edgar},
  title={Mastering Spark with R},
  year={2019},
  address={Sebastopol, CA},
  publisher={O'Reilly Media, Inc.},
  url={https://therinspark.com/}
}

@book{sparkbook,
  author={Chambers, Bill and  Zaharia, Matei},
  title={Spark: The Definitive Guide},
  year={2018},
  address={Sebastopol, CA},
  publisher={O'Reilly Media, Inc.}
}

@book{learnsparkbook,
  author={Karau, H and Konwinski, A and Wendell, P and Zaharia, M.},
  title={Learning Spark},
  year={2015},
  address={Sebastopol, CA},
  publisher={O'Reilly Media, Inc.}
}


 @Manual{sparklyr,
    title = {sparklyr: R Interface to Apache Spark},
    author = {Javier Luraschi and Kevin Kuo and Kevin Ushey and JJ Allaire and {The Apache Software Foundation}},
    year = {2020},
    note = {{R} package version 1.1.0},
    url = {https://CRAN.R-project.org/package=sparklyr},
  }


  @Manual{dplyr,
    title = {dplyr: A Grammar of Data Manipulation},
    author = {Hadley Wickham and Romain François and Lionel Henry and Kirill Müller},
    year = {2020},
    note = {{R} package version 0.8.4},
    url = {https://CRAN.R-project.org/package=dplyr},
  }

  @Manual{dbplot,
    title = {dbplot: Simplifies Plotting Data Inside Databases},
    author = {Edgar Ruiz},
    year = {2020},
    note = {R package version 0.3.3},
    url = {https://CRAN.R-project.org/package=dbplot},
  }


  @Manual{tree,
    title = {tree: Classification and Regression Trees},
    author = {Brian Ripley},
    year = {2019},
    note = {R package version 1.0-40},
    url = {https://CRAN.R-project.org/package=tree},
  }

  @Article{randomForest,
    title = {Classification and Regression by randomForest},
    author = {Andy Liaw and Matthew Wiener},
    journal = {R News},
    year = {2002},
    volume = {2},
    number = {3},
    pages = {18-22},
    url = {https://CRAN.R-project.org/doc/Rnews/},
  }

  @Article{Rcpp,
    title = {{Rcpp}: Seamless {R} and {C++} Integration},
    author = {Dirk Eddelbuettel and Romain Fran\c{c}ois},
    journal = {Journal of Statistical Software},
    year = {2011},
    volume = {40},
    number = {8},
    pages = {1--18},
    url = {http://www.jstatsoft.org/v40/i08/},
    doi = {10.18637/jss.v040.i08},
  }



@book{jw07,
        title={Applied multivariate statistical analysis, 6th ed.},
        author = {Johnson, R.A.\ and Wichern, D.W.},
        publisher={Pearson},
        address = {Upper Saddle River, NJ},
        year ={2007}
}

@article{ah84,
    author = {Aubuchon, J.C.\ and Hettmansperger, T.P.},
    year = {1984},
    title = {A note on the estimation of the integarl of $f(x)^2$},
    journal = {jspi},
    volume = {9},
    pages = {321--331}
}

@book{th84,
    author = {Hettmansperger, T.P.},
    year = {1984},
    title = {Statistical Inference Based on Ranks},
    publisher = {John Wiley \& Sins},
    address = {New York}
}

@incollection{sh15,
        author = { Sheather, S.J.},
        title = {Applications of robust regression to ``Big'' data problems},
        booktitle = {Robust rank-based and nonparametric methods},
        editor = {Liu, R.Y.\ and McKean, J.W.},
        publisher = {Springer},
        address = {Switzerland},
        year = {2016},
        pages = {101--120}
}

  @Manual{profileR,
    title = {profileR: Profile Analysis of Multivariate Data in R},
    author = {Okan Bulut and Christopher David Desjardins},
    year = {2018},
    note = {R package version 0.3-5},
    url = {https://CRAN.R-project.org/package=profileR},
  }


  @Manual{ICSNP,
    title = {ICSNP: Tools for Multivariate Nonparametrics},
    author = {Klaus Nordhausen and Seija Sirkia and Hannu Oja and David E. Tyler},
    year = {2018},
    note = {R package version 1.1-1},
    url = {https://CRAN.R-project.org/package=ICSNP},
  }

  @Manual{roxygen2,
    title = {roxygen2: In-Line Documentation for R},
    author = {Hadley Wickham and Peter Danenberg and Gábor Csárdi and Manuel Eugster},
    year = {2020},
    note = {R package version 7.1.1},
    url = {https://CRAN.R-project.org/package=roxygen2},
  }

@book{ez30,
        author={Ezekiel, M.},
        year={1930},
        title={Methods of correlation analysis},
        publisher=wiley,
                address={New York}
}

@book{leh99,
        author={Lehmann, E.L.},
        title={Elements of large-sample theory},
        year={1999},
        publisher={Springer},
        address={New York}
}

@book{si86,
        author={Silverman, B.W.},
        title={Density estimation},
        publisher={Chapman-Hall},
        address = {London},
        year={1986}
}

  @Manual{data.table,
    title = {data.table: Extension of `data.frame`},
    author = {Matt Dowle and Arun Srinivasan},
    year = {2022},
    note = {R package version 1.14.4},
    url = {https://CRAN.R-project.org/package=data.table},
  }

  @Manual{biglm,
    title = {biglm: Bounded Memory Linear and Generalized Linear Models},
    author = {Thomas Lumley},
    year = {2020},
    note = {R package version 0.9-2.1},
    url = {https://CRAN.R-project.org/package=biglm},
  }


  @Manual{dbplot,
    title = {dbplot: Simplifies Plotting Data Inside Databases},
    author = {Edgar Ruiz},
    year = {2020},
    note = {R package version 0.3.3},
    url = {https://CRAN.R-project.org/package=dbplot},
  }


  @Manual{dplyr,
    title = {dplyr: A Grammar of Data Manipulation},
    author = {Hadley Wickham and Romain François and Lionel Henry and Kirill Müller},
    year = {2022},
    note = {R package version 1.0.10},
    url = {https://CRAN.R-project.org/package=dplyr},
  }


  @Book{ggplot2,
    author = {Hadley Wickham},
    title = {ggplot2: Elegant Graphics for Data Analysis},
    publisher = {Springer-Verlag New York},
    year = {2016},
    isbn = {978-3-319-24277-4},
    url = {https://ggplot2.tidyverse.org},
  }


@Manual{lawstat,
    title = {lawstat: Tools for Biostatistics, Public Policy, and Law},
    author = {Joseph L. Gastwirth and Yulia R. Gel and W. L. Wallace Hui and Vyacheslav Lyubchich and Weiwen Miao and Kimihiro Noguchi},
    year = {2020},
    note = {R package version 3.4},
    url = {https://CRAN.R-project.org/package=lawstat},
  }

@book{le99,
        title={Elements of large-sample theory},
        author={Lehmann, E.L.},
        year={1999},
        publisher={Springer},
        address={New York}
}

@article{ms84,
        title={A comparison of methods for Studentizing the sample median},
        author={McKean, J.W.\ and Schrader, R.M.},
        journal={Communications in Statistics, Part B Simulation and Computation},
        volume={6},
        year={1984},
        pages={751--773}
}
@article{ho65,
        title={Robustness of the Hodges-Lehmann estimates for shift},
        author={H{\o}yland, A.},
        journal=ams,
        year={1965},
        volume={36},
        pages={174--197}
}

@article{smh20,
        title={Traditional and rank-based tests for ordered alternatives in a cluster correlated model},
                author={Shao, Y.\ and McKean, J.W.\ and Huitema, B.E.},
        journal={Psychometrika},
        volume={85},
        pages={531--554},
        year={2020}
}

@article{hn87,
        author={Hettmansperger, T.P.\ and Norton, R.},
        year={1987},
        title={Tests for patterned alternatives in $k$-sample problems},
        volume={82},
        journal=jasa,
        pages={292--299}
}
@article{at60,
        author={Abelson, R.P.\ and Tukey, J.},
        year={1960},
        title={Efficient utilization of non-numerical information in quantittative analysis: General theory and the case of simple order},
        journal=ams,
        volume={34},
        pages={1347--1369}
}

@book{ve14,
        author={Verzani, J.},
        title={Using R for introductory statistics},
        edition={2nd},
        publisher={CRC Press},
        address={Boca Raton, FL},
        year ={2014}
}

